<record><leader>00000cas a22000007a 4500</leader><controlfield tag="001">21427847</controlfield><controlfield tag="008">900425d19101917mouwr ne      0    0eng d</controlfield><datafield ind1=" " ind2=" " tag="010"><subfield code="a">sn 90061589 </subfield></datafield><datafield ind1=" " ind2=" " tag="040"><subfield code="a">MQN</subfield><subfield code="b">eng</subfield><subfield code="c">MQN</subfield><subfield code="d">OCLCQ</subfield></datafield><datafield ind1=" " ind2=" " tag="042"><subfield code="a">msc</subfield></datafield><datafield ind1="0" ind2="0" tag="245"><subfield code="a">Weekly democrat-tribune.</subfield></datafield><datafield ind1=" " ind2=" " tag="260"><subfield code="a">Jefferson City, Mo. :</subfield><subfield code="b">Cole County Democrat Print. Co.</subfield></datafield><datafield ind1=" " ind2=" " tag="300"><subfield code="a">v.</subfield></datafield><datafield ind1=" " ind2=" " tag="310"><subfield code="a">Weekly</subfield></datafield><datafield ind1="1" ind2=" " tag="362"><subfield code="a">Began in 1910? Ceased in 1917?</subfield></datafield><datafield ind1=" " ind2=" " tag="580"><subfield code="a">Daily eds.: Daily democrat-tribune (Jefferson City, Mo. : 1910), &lt;Feb. 8, 1910&gt;-May 4, 1915; Democrat-tribune, May 5, 1915-&lt;1917?&gt;.</subfield></datafield><datafield ind1=" " ind2=" " tag="588"><subfield code="a">Description based on: Vol. 11, no. 50 (Jan. 2, 1913) = v. 37, no. 50.</subfield></datafield><datafield ind1=" " ind2=" " tag="752"><subfield code="a">United States</subfield><subfield code="b">Missouri</subfield><subfield code="c">Cole</subfield><subfield code="d">Jefferson City.</subfield></datafield><datafield ind1="1" ind2=" " tag="775"><subfield code="t">Daily democrat-tribune (Jefferson City, Mo. : 1910)</subfield><subfield code="w">(DLC)sn 90061584</subfield></datafield><datafield ind1="1" ind2=" " tag="775"><subfield code="t">Democrat-tribune</subfield><subfield code="w">(DLC)sn 84024282</subfield></datafield><datafield ind1="0" ind2="4" tag="780"><subfield code="t">Jefferson City weekly tribune</subfield><subfield code="w">(DLC)sn 90061588</subfield></datafield><datafield ind1="0" ind2="4" tag="780"><subfield code="t">Cole County democrat</subfield><subfield code="w">(DLC)sn 90061594</subfield></datafield><datafield ind1="0" ind2="0" tag="785"><subfield code="t">Mosby's Missouri message</subfield><subfield code="w">(DLC)sn 90061590</subfield></datafield></record>